@article{Skewness,
  author = {John Doe and Jane Smith},
  title = {An Example Article},
  journal = {Journal of Examples},
  year = {2023},
  volume = {42},
  number = {1},
  pages = {1-10},
}

@article{pumi2023longrange,
  title={Estimation of Long-Range Dependent Models with Missing Data: to Impute or not to Impute?},
  author={Pumi, Giovanni and others},
  year={2023},
  journal={arXiv preprint},
  eprint={2303.04754},
  archivePrefix={arXiv},
  primaryClass={stat.ME}
}

@article{albuquerque2012skewness,
  author       = {Rui Albuquerque},
  title        = {Skewness in Stock Returns: Reconciling the Evidence on Firm Versus Aggregate Returns},
  journal      = {The Review of Financial Studies},
  volume       = {25},
  number       = {5},
  pages        = {1630--1673},
  year         = {2012},
  month        = {May},
  doi          = {10.1093/rfs/hhr144},
  url          = {https://doi.org/10.1093/rfs/hhr144},
  publisher    = {Oxford University Press},
  note         = {Published: 09 January 2012}
}